@article{wasserman2018topological,
  title={Topological data analysis},
  author={Wasserman, Larry},
  journal={Annual Review of Statistics and Its Application},
  volume={5},
  pages={501--532},
  year={2018},
  publisher={Annual Reviews}
}


@article{freedman2017versatile,
  title={A versatile framework for simulating the dynamic mechanical structure of cytoskeletal networks},
  author={Freedman, Simon L and Banerjee, Shiladitya and Hocky, Glen M and Dinner, Aaron R},
  journal={Biophysical journal},
  volume={113},
  number={2},
  pages={448--460},
  year={2017},
  publisher={Elsevier}
}

@article{freedman2018nonequilibrium,
  title={Nonequilibrium phase diagrams for actomyosin networks},
  author={Freedman, Simon L and Hocky, Glen M and Banerjee, Shiladitya and Dinner, Aaron R},
  journal={Soft matter},
  volume={14},
  number={37},
  pages={7740--7747},
  year={2018},
  publisher={Royal Society of Chemistry}
}


@article{thomas2009actin,
  title={Actin bundling in plants},
  author={Thomas, Cl{\'e}ment and Tholl, St{\'e}phane and Moes, Dani{\`e}le and Dieterle, Monika and Papuga, Jessica and Moreau, Flora and Steinmetz, Andr{\'e}},
  journal={Cell motility and the cytoskeleton},
  volume={66},
  number={11},
  pages={940--957},
  year={2009},
  publisher={Wiley Online Library}
}


@inproceedings{marchese2016topological,
  title={Topological learning for acoustic signal identification},
  author={Marchese, Andrew and Maroulas, Vasileios},
  booktitle={2016 19th International Conference on Information Fusion (FUSION)},
  pages={1377--1381},
  year={2016},
  organization={IEEE}
}


@article{maroulas2019bayesian,
  title={Bayesian Inference for Persistent Homology},
  author={Maroulas, Vasileios and Nasrin, Farzana and Oballe, Christopher},
  journal={arXiv preprint arXiv:1901.02034},
  year={2019}
}

@inproceedings{bonis2016persistence,
  title={Persistence-based pooling for shape pose recognition},
  author={Bonis, Thomas and Ovsjanikov, Maks and Oudot, Steve and Chazal, Fr{\'e}d{\'e}ric},
  booktitle={International Workshop on Computational Topology in Image Context},
  pages={19--29},
  year={2016},
  organization={Springer}
}

@inproceedings{li2014persistence,
  title={Persistence-based structural recognition},
  author={Li, Chunyuan and Ovsjanikov, Maks and Chazal, Frederic},
  booktitle={Proceedings of the IEEE Conference on Computer Vision and Pattern Recognition},
  pages={1995--2002},
  year={2014}
}

@inproceedings{singh2014topological,
  title={Topological descriptors of histology images},
  author={Singh, Nikhil and Couture, Heather D and Marron, JS and Perou, Charles and Niethammer, Marc},
  booktitle={International Workshop on Machine Learning in Medical Imaging},
  pages={231--239},
  year={2014},
  organization={Springer}
}

@article{belchi2018lung,
  title={Lung topology characteristics in patients with chronic obstructive pulmonary disease},
  author={Belchi, Francisco and Pirashvili, Mariam and Conway, Joy and Bennett, Michael and Djukanovic, Ratko and Brodzki, Jacek},
  journal={Scientific reports},
  volume={8},
  number={1},
  pages={5341},
  year={2018},
  publisher={Nature Publishing Group}
}

@article{nicolau2011topology,
  title={Topology based data analysis identifies a subgroup of breast cancers with a unique mutational profile and excellent survival},
  author={Nicolau, Monica and Levine, Arnold J and Carlsson, Gunnar},
  journal={Proceedings of the National Academy of Sciences},
  volume={108},
  number={17},
  pages={7265--7270},
  year={2011},
  publisher={National Acad Sciences}
}

@inproceedings{van2010alpha,
  title={Alpha shape topology of the cosmic web},
  author={van de Weygaert, Rien and Platen, Erwin and Vegter, Gert and Eldering, Bob and Kruithof, Nico},
  booktitle={2010 International Symposium on Voronoi Diagrams in Science and Engineering},
  pages={224--234},
  year={2010},
  organization={IEEE}
}

@article{sousbie2011persistent,
  title={The persistent cosmic web and its filamentary structure--II. Illustrations},
  author={Sousbie, Thierry and Pichon, Christophe and Kawahara, Hajime},
  journal={Monthly Notices of the Royal Astronomical Society},
  volume={414},
  number={1},
  pages={384--403},
  year={2011},
  publisher={Blackwell Publishing Ltd Oxford, UK}
}

@article{hiraoka2016hierarchical,
  title={Hierarchical structures of amorphous solids characterized by persistent homology},
  author={Hiraoka, Yasuaki and Nakamura, Takenobu and Hirata, Akihiko and Escolar, Emerson G and Matsue, Kaname and Nishiura, Yasumasa},
  journal={Proceedings of the National Academy of Sciences},
  volume={113},
  number={26},
  pages={7035--7040},
  year={2016},
  publisher={National Acad Sciences}
}

@article{adams2017persistence,
  title={Persistence images: A stable vector representation of persistent homology},
  author={Adams, Henry and Emerson, Tegan and Kirby, Michael and Neville, Rachel and Peterson, Chris and Shipman, Patrick and Chepushtanova, Sofya and Hanson, Eric and Motta, Francis and Ziegelmeier, Lori},
  journal={The Journal of Machine Learning Research},
  volume={18},
  number={1},
  pages={218--252},
  year={2017},
  publisher={JMLR. org}
}

@article{bubenik2015statistical,
  title={Statistical topological data analysis using persistence landscapes},
  author={Bubenik, Peter},
  journal={The Journal of Machine Learning Research},
  volume={16},
  number={1},
  pages={77--102},
  year={2015},
  publisher={JMLR. org}
}

@article{kerber2017geometry,
  title={Geometry helps to compare persistence diagrams},
  author={Kerber, Michael and Morozov, Dmitriy and Nigmetov, Arnur},
  journal={Journal of Experimental Algorithmics (JEA)},
  volume={22},
  pages={1--4},
  year={2017},
  publisher={ACM}
}

@book{edelsbrunner2010computational,
  title={Computational topology: an introduction},
  author={Edelsbrunner, Herbert and Harer, John},
  year={2010},
  publisher={American Mathematical Soc.}
}


@article{marchese2018signal,
  title={Signal classification with a point process distance on the space of persistence diagrams},
  author={Marchese, Andrew and Maroulas, Vasileios},
  journal={Advances in Data Analysis and Classification},
  volume={12},
  number={3},
  pages={657--682},
  year={2018},
  publisher={Springer}
}

@article{maroulas2018stable,
  title={A Stable Cardinality Distance for Topological Classification},
  author={Maroulas, Vasileios and Micucci, Cassie Putman and Spannaus, Adam},
  journal={arXiv preprint arXiv:1812.01664},
  year={2018}
}

@article{chen2019generalized,
  title={Generalized cluster trees and singular measures},
  author={Chen, Yen-Chi and others},
  journal={The Annals of Statistics},
  volume={47},
  number={4},
  pages={2174--2203},
  year={2019},
  publisher={Institute of Mathematical Statistics}
}

@article{chen2017measuring,
  title={Measuring Human Activity Spaces from GPS Data with Density Ranking and Summary Curves},
  author={Chen, Yen-Chi and Dobra, Adrian},
  journal={arXiv preprint arXiv:1708.05017},
  year={2017}
}